<?xml version="1.0" encoding="UTF-8"?><collection xmlns="http://www.loc.gov/MARC21/slim"><record><leader>00443nam--2200169-i-4500</leader><controlfield tag="001">000015045</controlfield><controlfield tag="002">20161230</controlfield><controlfield tag="005">20161230201031</controlfield><controlfield tag="008">060222s1000------------r-----000-0-eng-d</controlfield><datafield ind1=" " ind2=" " tag="040"><subfield code="a">IFIN-HH</subfield></datafield><datafield ind1=" " ind2=" " tag="080"><subfield code="a">532:54-162</subfield></datafield><datafield ind1="1" ind2=" " tag="100"><subfield code="a">Brown, Glenn H</subfield></datafield><datafield ind1="1" ind2="0" tag="245"><subfield code="a">Advances in liquid crystals</subfield><subfield code="b">Vol. 1</subfield><subfield code="c">Edited by Glenn H. Brown</subfield></datafield><datafield ind1=" " ind2=" " tag="260"><subfield code="a">New York, Academic Press, 1975</subfield></datafield><datafield ind1=" " ind2=" " tag="300"><subfield code="a">320 p</subfield></datafield><datafield ind1=" " ind2=" " tag="852"><subfield code="a">43069</subfield><subfield code="c">532</subfield></datafield><datafield ind1=" " ind2=" " tag="CAT"><subfield code="a">Sys</subfield><subfield code="c">20100721</subfield><subfield code="h">093014</subfield></datafield></record></collection>